%% This BibTeX bibliography file was created using BibDesk.
%% http://bibdesk.sourceforge.net/


%% Created for Maximilian Swiatlowski at 2015-06-28 16:57:48 -0700 


%% Saved with string encoding Unicode (UTF-8) 

@techreport{ATLAS-TOP,
      title         = "{Identification of high transverse momentum top quarks in
                       $pp$ collisions at $\sqrt{s} = 8 \mathrm{\ Te\kern -0.1em
                       V}$ with the ATLAS detector}",
      collaboration = "ATLAS",
      institution   = "CERN",
      address       = "Geneva",
      number        = "ATLAS-CONF-2015-036",
      month         = "Aug",
      year          = "2015",
      reportNumber  = "ATLAS-CONF-2015-036",
      url           = "https://cds.cern.ch/record/2043862",
}

@techreport{CMS-TOP,
      title         = "{Boosted Top Jet Tagging at CMS}",
      institution   = "CERN",
      collaboration = "CMS",
      address       = "Geneva",
      number        = "CMS-PAS-JME-13-007",
      year          = "2014",
      reportNumber  = "CMS-PAS-JME-13-007",
      url           = "http://cds.cern.ch/record/1647419",
}

@article{CMS-W,
      title          = "{Identification techniques for highly boosted W bosons
                        that decay into hadrons}",
      collaboration  = "CMS",
      journal        = "JHEP",
      volume         = "12",
      year           = "2014",
      pages          = "017",
      doi            = "10.1007/JHEP12(2014)017",
      eprint         = "1410.4227",
      archivePrefix  = "arXiv",
      primaryClass   = "hep-ex",
      reportNumber   = "CMS-JME-13-006, CERN-PH-EP-2014-241",
      SLACcitation   = "%%CITATION = ARXIV:1410.4227;%%"
}

@techreport{ATLAS-B-Dense,
      title         = "{b-tagging in dense environments}",
      institution   = "CERN",
      collaboration = "ATLAS",
      address       = "Geneva",
      number        = "ATL-PHYS-PUB-2014-014",
      month         = "Aug",
      year          = "2014",
      reportNumber  = "ATL-PHYS-PUB-2014-014",
      url           = "https://cds.cern.ch/record/1750682",
}

@techreport{ATLAS-B-Trackjet,
      title         = "{Flavor Tagging with Track Jets in Boosted Topologies with
                       the ATLAS Detector}",
      institution   = "CERN",
      collaboration = "ATLAS",
      address       = "Geneva",
      number        = "ATL-PHYS-PUB-2014-013",
      month         = "Aug",
      year          = "2014",
      reportNumber  = "ATL-PHYS-PUB-2014-013",
      url           = "https://cds.cern.ch/record/1750681",
}

@techreport{CMS-B-Dense,
      title         = "{Performance of b tagging at sqrt(s)=8 TeV in multijet,
                       ttbar and boosted topology events}",
      institution   = "CERN",
      collaboration = "CMS",
      address       = "Geneva",
      number        = "CMS-PAS-BTV-13-001",
      year          = "2013",
      reportNumber  = "CMS-PAS-BTV-13-001",
      url           = "https://cds.cern.ch/record/1581306",
}

@techreport{ATLAS-H-13,
      title         = "{Expected Performance of Boosted Higgs ($\rightarrow
                       b\bar{b}$) Boson Identification with the ATLAS Detector at
                       $\sqrt{s} = 13$ TeV}",
      collaboration = "ATLAS",
      institution   = "CERN",
      address       = "Geneva",
      number        = "ATL-PHYS-PUB-2015-035",
      month         = "Aug",
      year          = "2015",
      reportNumber  = "ATL-PHYS-PUB-2015-035",
      url           = "http://cds.cern.ch/record/2042155",
}

@techreport{ATLAS-W-13,
      title         = "{Identification of boosted, hadronically-decaying $W$ and
                       $Z$ bosons in $\sqrt{s} = 13$ TeV Monte Carlo Simulations
                       for ATLAS}",
      collaboration = "ATLAS",
      institution   = "CERN",
      address       = "Geneva",
      number        = "ATL-PHYS-PUB-2015-033",
      month         = "Aug",
      year          = "2015",
      reportNumber  = "ATL-PHYS-PUB-2015-033",
      url           = "http://cds.cern.ch/record/2041461",
}

@techreport{CMS-B-13,
	title = "Temporary for CMS $b$ 13 TeV",
	url = "https://indico.cern.ch/event/382815/session/23/contribution/21/attachments/1139341/1631526/cv-boost-2015-doubleb.pdf"
}

@techreport{CMS-WZT-13,
	title = "Temporary for CMS $W/Z/t$ 13 TeV",
	url = "https://indico.cern.ch/event/382815/session/22/contribution/18/attachments/1139233/1631356/W_Z_Top_Tagging-Boost-2015-08-11.pdf"
}

@article{CMS-Top-Resonances,
      title          = "{Search for Resonant $\mathrm{t\bar{t}}$ Production in
                        Proton-Proton Collisions at $\sqrt{s}$ = 8 TeV}",
      collaboration  = "CMS",
      year           = "2015",
      eprint         = "1506.03062",
      archivePrefix  = "arXiv",
      primaryClass   = "hep-ex",
      reportNumber   = "CMS-B2G-13-008, CERN-PH-EP-2015-126,
                        FERMILAB-PUB-15-276-CMS",
      SLACcitation   = "%%CITATION = ARXIV:1506.03062;%%"
}

@article{ATLAS-Top-Resonances,
      title          = "{A search for $t\bar{t}$ resonances using
                        lepton-plus-jets events in proton-proton collisions at
                        $\sqrt{s} = 8$ TeV with the ATLAS detector}",
      collaboration  = "ATLAS",
      year           = "2015",
      eprint         = "1505.07018",
      archivePrefix  = "arXiv",
      primaryClass   = "hep-ex",
      reportNumber   = "CERN-PH-EP-2015-090",
      SLACcitation   = "%%CITATION = ARXIV:1505.07018;%%"
}

@article{CMS-WZ-AllHad,
      title          = "{Search for massive resonances in dijet systems
                        containing jets tagged as W or Z boson decays in pp
                        collisions at $ \sqrt{s} $ = 8 TeV}",
      collaboration  = "CMS",
      journal        = "JHEP",
      volume         = "08",
      year           = "2014",
      pages          = "173",
      doi            = "10.1007/JHEP08(2014)173",
      eprint         = "1405.1994",
      archivePrefix  = "arXiv",
      primaryClass   = "hep-ex",
      reportNumber   = "CMS-EXO-12-024, CERN-PH-EP-2014-071",
      SLACcitation   = "%%CITATION = ARXIV:1405.1994;%%"
}

@article{CMS-WZ-SemiL,
      title          = "{Search for massive resonances decaying into pairs of
                        boosted bosons in semi-leptonic final states at $\sqrt{s}
                        =$ 8 TeV}",
      collaboration  = "CMS",
      journal        = "JHEP",
      volume         = "08",
      year           = "2014",
      pages          = "174",
      doi            = "10.1007/JHEP08(2014)174",
      eprint         = "1405.3447",
      archivePrefix  = "arXiv",
      primaryClass   = "hep-ex",
      reportNumber   = "CMS-EXO-13-009, CERN-PH-EP-2014-076",
      SLACcitation   = "%%CITATION = ARXIV:1405.3447;%%"
}

@article{ATLAS-WZ-AllHad,
      title          = "{Search for high-mass diboson resonances with
                        boson-tagged jets in proton-proton collisions at $\sqrt{s}
                        = 8$ TeV with the ATLAS detector}",
      collaboration  = "ATLAS",
      year           = "2015",
      eprint         = "1506.00962",
      archivePrefix  = "arXiv",
      primaryClass   = "hep-ex",
      reportNumber   = "CERN-PH-EP-2015-115",
      SLACcitation   = "%%CITATION = ARXIV:1506.00962;%%"
}

@article{ATLAS-WZ-SemiL,
      title          = "{Search for resonant diboson production in the $\mathrm
                        {\ell \ell }q\bar{q}$ final state in $pp$ collisions at
                        $\sqrt{s} = 8$ TeV with the ATLAS detector}",
      collaboration  = "ATLAS",
      journal        = "Eur. Phys. J.",
      volume         = "C75",
      year           = "2015",
      number         = "2",
      pages          = "69",
      doi            = "10.1140/epjc/s10052-015-3261-8",
      eprint         = "1409.6190",
      archivePrefix  = "arXiv",
      primaryClass   = "hep-ex",
      reportNumber   = "CERN-PH-EP-2014-211",
      SLACcitation   = "%%CITATION = ARXIV:1409.6190;%%"
}

@article{ATLAS-WZ-SemiL2,
      title          = "{Search for production of $WW/WZ$ resonances decaying to
                        a lepton, neutrino and jets in $pp$ collisions at
                        $\sqrt{s}=8$  TeV with the ATLAS detector}",
      collaboration  = "ATLAS",
      journal        = "Eur. Phys. J.",
      volume         = "C75",
      year           = "2015",
      number         = "5",
      pages          = "209",
      doi            = "10.1140/epjc/s10052-015-3593-4,
                        10.1140/epjc/s10052-015-3425-6",
      note           = "[Erratum: Eur. Phys. J.C75,370(2015)]",
      eprint         = "1503.04677",
      archivePrefix  = "arXiv",
      primaryClass   = "hep-ex",
      reportNumber   = "CERN-PH-EP-2015-044",
      SLACcitation   = "%%CITATION = ARXIV:1503.04677;%%"
}

@techreport{CMS-HH,
      title         = "{Search for heavy resonances in the H tagged dijet mass
                       spectrum in pp collisions at 8 TeV}",
      institution   = "CERN",
      collaboration = "CMS",
      address       = "Geneva",
      number        = "CMS-PAS-EXO-12-053",
      year          = "2015",
      reportNumber  = "CMS-PAS-EXO-12-053",
      url           = "http://cds.cern.ch/record/2043788",
}

@article{ATLAS-HH,
      title          = "{Search for Higgs boson pair production in the $b\bar{b}
                        b\bar{b}$ final state from $pp$ collisions at $\sqrt{s} =
                        8$ TeV with the ATLAS detector}",
      collaboration  = "ATLAS",
      year           = "2015",
      eprint         = "1506.00285",
      archivePrefix  = "arXiv",
      primaryClass   = "hep-ex",
      reportNumber   = "CERN-PH-EP-2015-099",
      SLACcitation   = "%%CITATION = ARXIV:1506.00285;%%"
}

@article{ATLAS-ManyJets-RPV,
      author         = "Aad, Georges and others",
      title          = "{Search for massive supersymmetric particles decaying to
                        many jets using the ATLAS detector in $pp$ collisions at
                        $\sqrt{s} = 8$ TeV}",
      collaboration  = "ATLAS",
      journal        = "Phys. Rev.",
      volume         = "D91",
      year           = "2015",
      number         = "11",
      pages          = "112016",
      doi            = "10.1103/PhysRevD.91.112016",
      eprint         = "1502.05686",
      archivePrefix  = "arXiv",
      primaryClass   = "hep-ex",
      reportNumber   = "CERN-PH-EP-2015-020",
      SLACcitation   = "%%CITATION = ARXIV:1502.05686;%%"
}

@article{ATLAS-ManyJets-RPV-2011,
      title          = "{Search for pair production of massive particles decaying
                        into three quarks with the ATLAS detector in $\sqrt{s}=7$
                        TeV $pp$ collisions at the LHC}",
      collaboration  = "ATLAS",
      journal        = "JHEP",
      volume         = "12",
      year           = "2012",
      pages          = "086",
      doi            = "10.1007/JHEP12(2012)086",
      eprint         = "1210.4813",
      archivePrefix  = "arXiv",
      primaryClass   = "hep-ex",
      reportNumber   = "CERN-PH-EP-2012-281",
      SLACcitation   = "%%CITATION = ARXIV:1210.4813;%%"
}

@techreport{ATLAS-Stop-RPV,
      title         = "{A search for $\mathbf{R}$-parity violating scalar top
                       decays in all-hadronic final states with the ATLAS detector
                       in $\mathbf{\sqrt{s}=8}$~TeV $\mathbf{pp}$ collisions}",
      institution   = "CERN",
      collaboration = "ATLAS",
      address       = "Geneva",
      number        = "ATLAS-CONF-2015-026",
      month         = "Jul",
      year          = "2015",
      reportNumber  = "ATLAS-CONF-2015-026",
      url           = "http://cds.cern.ch/record/2037653",
}

@article{ATLAS-ManyJets-RPC,
      title          = "{Search for new phenomena in final states with large jet
                        multiplicities and missing transverse momentum at
                        $\sqrt{s}$=8 TeV proton-proton collisions using the ATLAS
                        experiment}",
      collaboration  = "ATLAS",
      journal        = "JHEP",
      volume         = "10",
      year           = "2013",
      pages          = "130",
      doi            = "10.1007/JHEP10(2013)130, 10.1007/JHEP01(2014)109",
      note           = "[Erratum: JHEP01,109(2014)]",
      eprint         = "1308.1841",
      archivePrefix  = "arXiv",
      primaryClass   = "hep-ex",
      reportNumber   = "CERN-PH-EP-2013-110",
      SLACcitation   = "%%CITATION = ARXIV:1308.1841;%%"
}

@article{ATLAS-QG,
      title          = "{Light-quark and gluon jet discrimination in $pp$
                        collisions at $\sqrt{s}=7\mathrm {\ TeV}$ with the ATLAS
                        detector}",
      collaboration  = "ATLAS",
      journal        = "Eur. Phys. J.",
      volume         = "C74",
      year           = "2014",
      number         = "8",
      pages          = "3023",
      doi            = "10.1140/epjc/s10052-014-3023-z",
      eprint         = "1405.6583",
      archivePrefix  = "arXiv",
      primaryClass   = "hep-ex",
      reportNumber   = "CERN-PH-EP-2014-058",
      SLACcitation   = "%%CITATION = ARXIV:1405.6583;%%"
}

@techreport{CMS-QG,
      title         = "{Performance of quark/gluon discrimination in 8 TeV pp
                       data}",
      institution   = "CERN",
      collaboration = "CMS",
      address       = "Geneva",
      number        = "CMS-PAS-JME-13-002",
      year          = "2013",
      reportNumber  = "CMS-PAS-JME-13-002",
      url           = "https://cds.cern.ch/record/1599732",
}


@techreport{ATLAS-Charge,
      title         = "{Measurement of jet charge in dijet events from
                       $\sqrt{s}=8$ TeV $pp$ collisions with the ATLAS detector}",
      institution   = "CERN",
      collaboration = "ATLAS",
      address       = "Geneva",
      number        = "ATLAS-CONF-2015-025",
      month         = "Jul",
      year          = "2015",
      reportNumber  = "ATLAS-CONF-2015-025",
      url           = "http://cds.cern.ch/record/2037618",
}

@article{ATLAS-Color,
      title          = "{Measurement of colour flow with the jet pull angle in
                        $t\bar{t}$ events using the ATLAS detector at $\sqrt{s}=8$
                        TeV}",
      collaboration  = "ATLAS",
      year           = "2015",
      eprint         = "1506.05629",
      archivePrefix  = "arXiv",
      primaryClass   = "hep-ex",
      reportNumber   = "CERN-PH-EP-2015-128",
      SLACcitation   = "%%CITATION = ARXIV:1506.05629;%%"
}

@article{CMS-Higgs-bb,
      title          = "{Search for the standard model Higgs boson produced in
                        association with a W or a Z boson and decaying to bottom
                        quarks}",
      collaboration  = "CMS",
      journal        = "Phys. Rev.",
      volume         = "D89",
      year           = "2014",
      number         = "1",
      pages          = "012003",
      doi            = "10.1103/PhysRevD.89.012003",
      eprint         = "1310.3687",
      archivePrefix  = "arXiv",
      primaryClass   = "hep-ex",
      reportNumber   = "CMS-HIG-13-012, CERN-PH-EP-2013-188",
      SLACcitation   = "%%CITATION = ARXIV:1310.3687;%%"
}

@article{ATLAS-2010-Shapes,
      author         = "Aad, Georges and others",
      title          = "{Jet mass and substructure of inclusive jets in
                        $\sqrt{s}=7$ TeV $pp$ collisions with the ATLAS
                        experiment}",
      collaboration  = "ATLAS",
      journal        = "JHEP",
      volume         = "05",
      year           = "2012",
      pages          = "128",
      doi            = "10.1007/JHEP05(2012)128",
      eprint         = "1203.4606",
      archivePrefix  = "arXiv",
      primaryClass   = "hep-ex",
      reportNumber   = "CERN-PH-EP-2012-031",
      SLACcitation   = "%%CITATION = ARXIV:1203.4606;%%"
}

@article{CMS-Top-Pt,
      title          = "{Measurement of the Differential Cross Section for Top
                        Quark Pair Production in pp Collisions at $\sqrt{s}$ = 8
                        TeV}",
      collaboration  = "CMS",
      year           = "2015",
      eprint         = "1505.04480",
      archivePrefix  = "arXiv",
      primaryClass   = "hep-ex",
      reportNumber   = "CMS-TOP-12-028, CERN-PH-EP-2015-117",
      SLACcitation   = "%%CITATION = ARXIV:1505.04480;%%"
}

@techreport{ATLAS-Top-Pt,
      title         = "{Measurement of the differential cross-section of highly
                       boosted top quarks as a function of their transverse
                       momentum using the ATLAS detector in $\sqrt{s}$ = 8 TeV
                       proton-proton collisions}",
      institution   = "CERN",
      address       = "Geneva",
      number        = "ATLAS-CONF-2014-057",
      month         = "Sep",
      year          = "2014",
      reportNumber  = "ATLAS-CONF-2014-057",
      url           = "http://cds.cern.ch/record/1951328",
}